@book{arantes,
	Author = {Paulo Arantes},
	Title = {Departamento Francês de Ultramar},
	Publisher = {Paz e Terra},
	Address = {São Paulo}, 
	Year = {1994}
}

@book{cerletti,
	Author = {Alejandro Cerletti},
	Title = {O ensino de filosofia como problema filosófico (Trad. Ingrid Müller Xavier)},
	Publisher = {Autêntica},
	Address = {Belo Horizonte}, 
	Year = {2009}
}

@book{lkmeta,
	Author = {Leszek Kolakowski},
	Title = {Horror Metafísico (Trad. Aglaia D. Perroso C. Castro)},
	Publisher = {Papirus Editora},
	Address = {Campinas}, 
	Year = {1990}
}

@book{lkmeta_en,
	Author = {Leszek Kolakowski},
	Title = {Metaphysical Horror},
	Publisher = {Basil Blackwell},
	Address = {Oxford}, 
	Year = {1988}
}

@article{porchat,
	author    = {Oswaldo Porchat},
	title     = {Discurso aos Estudantes sobre a Pesquisa em Filosofia},
	journal   = {Dissenso no. 2},
	Address = {São Paulo}, 
	year      = {1999},
	URL = {https://www.revistas.usp.br/dissenso/article/view/105216}
}

@article{neves,
	author    = {Joaquim Neves Vicente},
	title     = {Subsídios para uma Didáctica da Filosofia},
	journal   = {Revista Filosófica de Coimbra, no. 6},
	Address = {Coimbra}, 
	year      = {1994},
	URL = {https://www.saavedrafajardo.org/Archivos/Coimbra/06/Coimbra06-05.pdf}
}

@article{inaf2018,
	author    = {INAF}, 
	title     = {Indicador Nacional de Analfabetismo 2018},
	year      = {2018},
	URL = {https://acaoeducativa.org.br/wp-content/uploads/2018/08/Inaf2018_Relatório-Resultados-Preliminares_v08Ago2018.pdf}
}


@book{politcs,
	Author = {Aristotle},
	Title = {Aristotle: Politics (Trad. H. Rackham) (Loeb Classical Library No. 264)},
	Publisher = {Harvard University Press},
	Year = {1932},
	ISBN = {0674992911},
}
