@book{obiols,
	Author = {Guillermo Obiols},
	Title = {Una Introducción a la Enseñanza de Filosofia},
	Publisher = {FCE},
	Address = {Buenos Aires}, 
	Year = {2002}
}

@book{pcn,
	Author = {BRASIL},
	Title = {Parâmetros Curriculares Nacionais},
	Publisher = {MEC/SEF},
	Address = {Brasília}, 
	Year = {1998}
}

@book{cerletti,
	Author = {Alejandro Cerletti},
	Title = {O ensino de filosofia como problema filosófico (Trad. Ingrid Müller Xavier)},
	Publisher = {Autêntica},
	Address = {Belo Horizonte}, 
	Year = {2009}
}

@book{hadot,
	Author = {Pierre Hadot},
	Title = {Exercícios Espirituais e Filosofia Antiga},
	Publisher = {É Realizações},
	Address = {São Paulo}, 
	Year = {2014}
}

@book{zabala,
	Author = {Antoni Zabala},
	Title = {A Prática Educativa (Trad. Ernani F. da F. Rosa)},
	Publisher = {Artmed},
	Address = {Porto Alegre}, 
	Year = {1998}
}

@book{lkmeta,
	Author = {Leszek Kolakowski},
	Title = {Horror Metafísico (Trad. Aglaia D. Perroso C. Castro)},
	Publisher = {Papirus Editora},
	Address = {Campinas}, 
	Year = {1990}
}

@book{lkmeta_en,
	Author = {Leszek Kolakowski},
	Title = {Metaphysical Horror},
	Publisher = {Basil Blackwell},
	Address = {Oxford}, 
	Year = {1988}
}

@article{porta,
	author    = {Mario A. G. Porta},
	title     = {Filosofia e Historia da Filosofia: uma reflexão sobre relações de texto e contexto},
	journal   = {Revista Eletrônica de Filosofia n.º II, vol. viii},
	issn     = {1809-8428}, 
	publisher = {CEP/PUC-SP}, 
	Address = {São Paulo}, 
	year      = {2011},
}

@article{bolzani,
	author    = {Roberto Bolzani},
	title     = {Sobre filosofia e filosofar},
	journal   = {Discurso n.º 35},
	publisher = {Departamento de Filosofia da FFLCH/USP}, 
	Address = {São Paulo}, 
	year      = {2005},
}

@article{wozkoh,
	author    = {Walter Kohan and Jason Wozniak},
	title     = {Filosofia como exercício espiritual na educação de jovens e adultos},
	journal   = {Educação em Revista n.º I, vol. xii},
	Address = {Marília}, 
	year      = {2011},
}

@article{porchat,
	author    = {Oswaldo Porchat},
	title     = {Discurso aos Estudantes sobre a Pesquisa em Filosofia},
	journal   = {Dissenso n.º 2},
	Address = {São Paulo}, 
	year      = {1999},
	URL = {https://www.revistas.usp.br/dissenso/article/view/105216}
}

@article{neves,
	author    = {Joaquim Neves Vicente},
	title     = {Subsídios para uma Didáctica da Filosofia},
	journal   = {Revista Filosófica de Coimbra, no. 6},
	Address = {Coimbra}, 
	year      = {1994},
	URL = {https://www.saavedrafajardo.org/Archivos/Coimbra/06/Coimbra06-05.pdf}
}

@article{inaf2018,
	author    = {INAF}, 
	title     = {Indicador Nacional de Analfabetismo 2018},
	year      = {2018},
	URL = {https://acaoeducativa.org.br/wp-content/uploads/2018/08/Inaf2018_Relatório-Resultados-Preliminares_v08Ago2018.pdf}
}


@book{politcs,
	Author = {Aristotle},
	Title = {Aristotle: Politics (Trad. H. Rackham) (Loeb Classical Library No. 264)},
	Publisher = {Harvard University Press},
	Year = {1932},
	ISBN = {0674992911},
}
